% Encoding: UTF-8

@InProceedings{Arnold2000,
  author       = {Arnold, Stephen C. and Mark, Leo and Goldthwaite, John},
  title        = {Programming By Voice, Vocal Programming},
  booktitle    = {Proceedings of the fourth international ACM conference on Assistive technologies},
  year         = {2000},
  pages        = {149--155},
  organization = {ACM},
}

@InProceedings{Desilets2006,
  author       = {D{\'e}silets, Alain and Fox, David C. and Norton, Stuart},
  title        = {Voicecode: An innovative speech interface for programming-by-voice},
  booktitle    = {CHI'06 Extended Abstracts on Human Factors in Computing Systems},
  year         = {2006},
  pages        = {239--242},
  organization = {ACM},
}

@InProceedings{Begel2005,
  author    = {Begel, Andrew},
  title     = {Programming by voice: A domain-specific application of speech recognition},
  booktitle = {AVIOS speech technology symposium--SpeechTek West},
  year      = {2005},
  organization={Citeseer},
}

@Article{Desilets2001,
  author    = {Desilets, Alain},
  title     = {VoiceGrip: a tool for programming-by-voice},
  journal   = {International Journal of Speech Technology},
  year      = {2001},
  volume    = {4},
  number    = {2},
  pages     = {103--116},
  publisher = {Springer},
}

@InProceedings{Wagner2012,
  author       = {Wagner, Amber and Rudraraju, Ramaraju and Datla, Srinivasa and Banerjee, Avishek and Sudame, Mandar and Gray, Jeff},
  title        = {Programming by voice: a hands-free approach for motorically challenged children},
  booktitle    = {CHI'12 Extended Abstracts on Human Factors in Computing Systems},
  year         = {2012},
  pages        = {2087--2092},
  organization = {ACM},
}

@Article{Snell2000,
  author   = {Snell, Lindsey and Cunningham, Mr Jim},
  title    = {An investigation into programming by voice and development of a toolkit for writing voice-controlled applications},
  journal  = {M. Eng. Report, Imperial College of Science, Technology and Medicine, London},
  year     = {2000},
}

@InProceedings{Price2002,
  author       = {Price, David E and Dahlstrom, DA and Newton, Ben and Zachary, Joseph L},
  title        = {Using a" Wizard of Oz" study to learn how to design a spoken language interface for programming},
  booktitle    = {Frontiers in Education, 2002. FIE 2002. 32nd Annual},
  year         = {2002},
  volume       = {1},
  pages        = {T2G--T2G},
  organization = {IEEE},
}

@InProceedings{Price2000,
  author       = {Price, David and Rilofff, Ellen and Zachary, Joseph and Harvey, Brandon},
  title        = {NaturalJava: a natural language interface for programming in Java},
  booktitle    = {Proceedings of the 5th international conference on Intelligent user interfaces},
  year         = {2000},
  pages        = {207--211},
  organization = {ACM},
}

@Article{Begel2004a,
  author    = {Begel, Andrew and Graham, Susan L},
  title     = {Language analysis and tools for ambiguous input streams},
  journal   = {Electronic Notes in Theoretical Computer Science},
  year      = {2004},
  volume    = {110},
  pages     = {75--96},
  publisher = {Elsevier},
}

@Book{Boshernitsan2001,
  title     = {Harmonia: A flexible framework for constructing interactive language-based programming tools},
  publisher = {Computer Science Division, University of California},
  year      = {2001},
  author    = {Boshernitsan, Marat},
}

@Article{Shinde2017,
  author   = {Shinde, Archana R},
  title    = {Natural Language Interface for Java Programming: Survey},
  journal  = {International Journal on Recent and Innovation Trends in Computing and Communication},
  year     = {2017},
  volume   = {5},
  number   = {11},
  pages    = {17--20},
}

@Article{English2015,
  author  = {English, Matt},
  title   = {The Efficiency of Programming Through Automated Speech Recognition},
  year    = {2015},
}

@Article{Tremblay2010,
  author    = {Tremblay, Mark Stephen and Colley, Rachel Christine and Saunders, Travis John and Healy, Genevieve Nissa and Owen, Neville},
  title     = {Physiological and health implications of a sedentary lifestyle},
  journal   = {Applied physiology, nutrition, and metabolism},
  year      = {2010},
  volume    = {35},
  number    = {6},
  pages     = {725--740},
  publisher = {NRC Research Press},
}

@Article{VanTulder2007,
  author    = {Van Tulder, Maurits and Malmivaara, Antti and Koes, Bart},
  title     = {Repetitive strain injury},
  journal   = {The Lancet},
  year      = {2007},
  volume    = {369},
  number    = {9575},
  pages     = {1815--1822},
  file      = {:G\:/UNI/sem3/MasterThesis/related work/sdarticle.pdf:PDF},
  publisher = {Elsevier},
}

@InProceedings{Rodriguez-Cartagena2015,
  author       = {Rodriguez-Cartagena, Jean K and Claudio-Palacios, Andrea C and Pacheco-Tallaj, Natalia and Santiago Gonz{\'a}lez, Valerie and Ordonez-Franco, Patricia},
  title        = {The implementation of a vocabulary and grammar for an open-source speech-recognition programming platform},
  booktitle    = {Proceedings of the 17th International ACM SIGACCESS Conference on Computers \& Accessibility},
  year         = {2015},
  pages        = {447--448},
  organization = {ACM},
}

@PhdThesis{Bouse2017,
  author = {Bouse, Leana Morgan},
  title  = {Voice and gesture development environment: keyboard free programming},
  school = {Texas A\&M University},
  year   = {2017},
}

@InProceedings{Fogel1989,
  author       = {Fogel, David B and Fogel, LJ},
  title        = {Evolutionary programming for voice feature analysis},
  booktitle    = {Twenty-Third Asilomar Conference on Signals, Systems and Computers, 1989.},
  year         = {1989},
  pages        = {381--383},
  organization = {IEEE},
}

@PhdThesis{Islam2018,
  author = {Islam, MD and Mobarak, Hosne and Islam, MD and others},
  title  = {Voice command based android java code generator},
  school = {BRAC University},
  year   = {2018},
}

@InProceedings{Rosenblatt2018,
  author       = {Rosenblatt, Lucas and Carrington, Patrick and Hara, Kotaro and Bigham, Jeffrey P},
  title        = {Vocal Programming for People with Upper-Body Motor Impairments},
  booktitle    = {Proceedings of the Internet of Accessible Things},
  year         = {2018},
  pages        = {30},
  organization = {ACM},
}

@InProceedings{Leopold1997,
  author       = {Leopold, Jennifer L and Ambler, Allen L},
  title        = {Keyboardless visual programming using voice, handwriting, and gesture},
  booktitle    = {Visual Languages, 1997. Proceedings. 1997 IEEE Symposium on},
  year         = {1997},
  pages        = {28--35},
  organization = {IEEE},
}

@InProceedings{Hermans2018,
  author       = {Hermans, Felienne and Swidan, Alaaeddin and Aivaloglou, Efthimia},
  title        = {Code Phonology: an exploration into the vocalization of code},
  booktitle    = {Proceedings of the 26th Conference on Program Comprehension},
  year         = {2018},
  pages        = {308--311},
  organization = {ACM},
}

@InProceedings{Begel2004,
  author       = {Begel, Andrew},
  title        = {Spoken language support for software development},
  booktitle    = {Visual Languages and Human Centric Computing, 2004 IEEE Symposium on},
  year         = {2004},
  pages        = {271--272},
  organization = {IEEE},
}

@InProceedings{Bettini1990,
  author       = {Bettini, Claudio and Chin, S},
  title        = {Towards a speech oriented programming environment},
  booktitle    = {Computer and Communication Systems, 1990. IEEE TENCON'90., 1990 IEEE Region 10 Conference on},
  year         = {1990},
  pages        = {592--595},
  organization = {IEEE},
}

@Article{Schlossberg2004,
  author    = {Schlossberg, Eric B and Morrow, Sandra and Llosa, Augusto E and Mamary, Edward and Dietrich, Peter and Rempel, David M},
  title     = {Upper extremity pain and computer use among engineering graduate students},
  journal   = {American journal of industrial medicine},
  year      = {2004},
  volume    = {46},
  number    = {3},
  pages     = {297--303},
  publisher = {Wiley Online Library},
}

@Article{Lassen2004,
  author    = {Lassen, Christina Funch and Mikkelsen, Sigurd and Kryger, Ann Isabel and Brandt, Lars PA and Overgaard, Erik and Thomsen, Jane Fr{\o}lund and Vilstrup, Imogen and Andersen, Johan Hviid},
  title     = {Elbow and wrist/hand symptoms among 6,943 computer operators: A 1-year follow-up study (the NUDATA study)},
  journal   = {American journal of industrial medicine},
  year      = {2004},
  volume    = {46},
  number    = {5},
  pages     = {521--533},
  publisher = {Wiley Online Library},
}

@article{Lassen2005,
  title={Risk factors for persistent elbow, forearm and hand pain among computer workers},
  author={Lassen, Christina F and Mikkelsen, Sigurd and Kryger, Ann I and Andersen, Johan H},
  journal={Scandinavian journal of work, environment \& health},
  volume={31},
  number={2},
  pages={122--131},
  year={2005}
}

@Article{Walker2005,
  author    = {Walker-Bone, K and Cooper, Cyrus},
  title     = {Hard work never hurt anyone: or did it? A review of occupational associations with soft tissue musculoskeletal disorders of the neck and upper limb},
  journal   = {Annals of the rheumatic diseases},
  year      = {2005},
  volume    = {64},
  number    = {10},
  pages     = {1391--1396},
  publisher = {BMJ Publishing Group Ltd},
}

@Article{Van2007,
  author    = {Van den Heuvel, Swenne G and IJmker, Stefan and Blatter, Birgitte M and De Korte, Elsbeth M},
  title     = {Loss of productivity due to neck/shoulder symptoms and hand/arm symptoms: results from the PROMO-study},
  journal   = {Journal of occupational rehabilitation},
  year      = {2007},
  volume    = {17},
  number    = {3},
  pages     = {370--382},
  publisher = {Springer},
}

@article{Chang2007,
  title={Daily computer usage correlated with undergraduate students' musculoskeletal symptoms},
  author={Chang, Che-hsu and Amick III, Benjamin C and Menendez, Cammie Chaumont and Katz, Jeffrey N and Johnson, Peter W and Robertson, Michelle and Dennerlein, Jack Tigh},
  journal={American journal of industrial medicine},
  volume={50},
  number={6},
  pages={481--488},
  year={2007},
  publisher={Wiley Online Library}
}

@article{Gerr2006,
  title={Keyboard use and musculoskeletal outcomes among computer users},
  author={Gerr, Fred and Monteilh, Carolyn P and Marcus, Michele},
  journal={Journal of Occupational Rehabilitation},
  volume={16},
  number={3},
  pages={259},
  year={2006},
  publisher={Springer}
}

@Article{Brandt2004,
  author  = {Brandt, Lars Peter and Andersen, Johan Hviid and Lassen, Christina Funch and Kryger, Ann and Overgaard, Erik and Vilstrup, Imogen and Mikkelsen, Sigurd},
  title   = {Neck and shoulder symptoms and disorders among Danish computer workers.},
  journal = {Scandinavian journal of work, environment \& health},
  year    = {2004},
  volume  = {30},
  number  = {5},
  pages   = {399--409},
}

@article{Yassi1997,
  title={Repetitive strain injuries},
  author={Yassi, Annalee},
  journal={The Lancet},
  volume={349},
  number={9056},
  pages={943--947},
  year={1997},
  publisher={Elsevier}
}

@online{Beaton2013,
title={Building Rich Client Applications with Eclipse 4},
url={https://www.youtube.com/watch?v=IbMVDxgLYdk},
year={2013},
month={1},
urldate={2019-06-26}
}

@online{Rouse2011,
title={OSGi (Open Service Gateway Initiative)},
url={https://searchnetworking.techtarget.com/definition/OSGi},
year={2011},
month={3},
urldate={2019-06-26}
}

@online{CMUSphinx,
title={CMUSphinx Documentation},
url={https://cmusphinx.github.io/wiki/},
urldate={2019-06-26}
}

@online{CloudSpeech2019,
title={Google Speech-to-Text Pricing},
url={https://cloud.google.com/speech-to-text/pricing},
urldate={2019-06-26}
}

@online{ANTLR2019,
title={ANTLR},
url={https://www.antlr.org/},
urldate={2019-06-26}
}

@online{VoiceCode2007,
title={VoiceCode},
url={https://www.youtube.com/watch?v=A7f9Iik3q58},
year={2007},
month={2},
urldate={2019-06-28}
}

@online{Voicecode.io2017,
title={Voicecode.io},
url={https://voicecode.io/#about},
year={2017},
urldate={2019-07-17}
}

@online{eclipse2019,
title={Eclipse documentation},
url={https://help.eclipse.org/2019-06/index.jsp},
year={2019},
urldate={2019-07-30}
}


@online{ANTLRDOC2019,
title={ANTLR documentation},
url={https://github.com/antlr/antlr4/blob/master/doc/index.md},
year={2019},
urldate={2019-07-30}
}



@Comment{jabref-meta: databaseType:bibtex;}
